@article{li2015gated,
  title={Gated graph sequence neural networks},
  author={Li, Yujia and Tarlow, Daniel and Brockschmidt, Marc and Zemel, Richard},
  journal={arXiv preprint arXiv:1511.05493},
  year={2015}
}

@book{attiya2004distributed,
  title={Distributed computing: fundamentals, simulations, and advanced topics},
  author={Attiya, Hagit and Welch, Jennifer},
  volume={19},
  year={2004},
  publisher={John Wiley \& Sons}
}

@inproceedings{socher2011parsing,
  title={Parsing natural scenes and natural language with recursive neural networks},
  author={Socher, Richard and Lin, Cliff C and Manning, Chris and Ng, Andrew Y},
  booktitle={Proceedings of the 28th international conference on machine learning (ICML-11)},
  pages={129--136},
  year={2011}
}

@inproceedings{qi20173d,
  title={3D Graph Neural Networks for RGBD Semantic Segmentation},
  author={Qi, Xiaojuan and Liao, Renjie and Jia, Jiaya and Fidler, Sanja and Urtasun, Raquel},
  booktitle={Proceedings of the IEEE Conference on Computer Vision and Pattern Recognition},
  pages={5199--5208},
  year={2017}
}

@article{li2017situation,
  title={Situation Recognition with Graph Neural Networks},
  author={Li, Ruiyu and Tapaswi, Makarand and Liao, Renjie and Jia, Jiaya and Urtasun, Raquel and Fidler, Sanja},
  booktitle={Proceedings of the IEEE Conference on Computer Vision and Pattern Recognition},
  year={2017}
}

@inproceedings{goller1996learning,
  title={Learning task-dependent distributed representations by backpropagation through structure},
  author={Goller, Christoph and Kuchler, Andreas},
  booktitle={Neural Networks, 1996., IEEE International Conference on},
  volume={1},
  pages={347--352},
  year={1996},
  organization={IEEE}
}

@article{tai2015improved,
  title={Improved semantic representations from tree-structured long short-term memory networks},
  author={Tai, Kai Sheng and Socher, Richard and Manning, Christopher D},
  journal={ACL},
  year={2015}
}

@book{chauvin1995backpropagation,
  title={Backpropagation: theory, architectures, and applications},
  author={Chauvin, Yves and Rumelhart, David E},
  year={1995},
  publisher={Psychology Press}
}

@article{bruna2013spectral,
  title={Spectral networks and locally connected networks on graphs},
  author={Bruna, Joan and Zaremba, Wojciech and Szlam, Arthur and LeCun, Yann},
  journal={ICLR},
  year={2014}
}

@inproceedings{defferrard2016convolutional,
  title={Convolutional neural networks on graphs with fast localized spectral filtering},
  author={Defferrard, Micha{\"e}l and Bresson, Xavier and Vandergheynst, Pierre},
  booktitle={NIPS},
  year={2016}
}

@article{kipf2016semi,
  title={Semi-Supervised Classification with Graph Convolutional Networks},
  author={Kipf, Thomas N and Welling, Max},
  journal={ICLR},
  year={2017}
}

@inproceedings{duvenaud2015convolutional,
  title={Convolutional networks on graphs for learning molecular fingerprints},
  author={Duvenaud, David K and Maclaurin, Dougal and Iparraguirre, Jorge and Bombarell, Rafael and Hirzel, Timothy and Aspuru-Guzik, Al{\'a}n and Adams, Ryan P},
  booktitle={NIPS},
  year={2015}
}

@inproceedings{gori2005new,
  title={A new model for learning in graph domains},
  author={Gori, Marco and Monfardini, Gabriele and Scarselli, Franco},
  booktitle={IJCNN},
  year={2005}
}

@article{scarselli2009graph,
  title={The graph neural network model},
  author={Scarselli, Franco and Gori, Marco and Tsoi, Ah Chung and Hagenbuchner, Markus and Monfardini, Gabriele},
  journal={IEEE TNN},
  year={2009}
}

@article{mnih2015human,
  title={Human-level control through deep reinforcement learning},
  author={Mnih, Volodymyr and Kavukcuoglu, Koray and Silver, David and Rusu, Andrei A and Veness, Joel and Bellemare, Marc G and Graves, Alex and Riedmiller, Martin and Fidjeland, Andreas K and Ostrovski, Georg and others},
  journal={Nature},
  volume={518},
  number={7540},
  pages={529--533},
  year={2015},
  publisher={Nature Research}
}

@article{silver2016mastering,
  title={Mastering the game of Go with deep neural networks and tree search},
  author={Silver, David and Huang, Aja and Maddison, Chris J and Guez, Arthur and Sifre, Laurent and Van Den Driessche, George and Schrittwieser, Julian and Antonoglou, Ioannis and Panneershelvam, Veda and Lanctot, Marc and others},
  journal={Nature},
  volume={529},
  number={7587},
  pages={484--489},
  year={2016},
  publisher={Nature Research}
}

@article{silver2017mastering,
  title={Mastering the game of Go without human knowledge},
  author={Silver, David and Schrittwieser, Julian and Simonyan, Karen and Antonoglou, Ioannis and Huang, Aja and Guez, Arthur and Hubert, Thomas and Baker, Lucas and Lai, Matthew and Bolton, Adrian and others},
  journal={Nature},
  volume={550},
  number={7676},
  pages={354--359},
  year={2017},
  publisher={Nature Research}
}

@inproceedings{metzen2013learning,
  title={Learning graph-based representations for continuous reinforcement learning domains},
  author={Metzen, Jan Hendrik},
  booktitle={Joint European Conference on Machine Learning and Knowledge Discovery in Databases},
  pages={81--96},
  year={2013},
  organization={Springer}
}

@article{mahadevan2007proto,
  title={Proto-value functions: A Laplacian framework for learning representation and control in Markov decision processes},
  author={Mahadevan, Sridhar and Maggioni, Mauro},
  journal={Journal of Machine Learning Research},
  volume={8},
  number={Oct},
  pages={2169--2231},
  year={2007}
}

# Tingwu's references

@article{ppo,
  title={Proximal policy optimization algorithms},
  author={Schulman, John and Wolski, Filip and Dhariwal, Prafulla and Radford, Alec and Klimov, Oleg},
  journal={arXiv preprint arXiv:1707.06347},
  year={2017}
}

@inproceedings{trpo,
  title={Trust region policy optimization},
  author={Schulman, John and Levine, Sergey and Abbeel, Pieter and Jordan, Michael and Moritz, Philipp},
  booktitle={Proceedings of the 32nd International Conference on Machine Learning (ICML-15)},
  pages={1889--1897},
  year={2015}
}

@article{gae,
  title={High-dimensional continuous control using generalized advantage estimation},
  author={Schulman, John and Moritz, Philipp and Levine, Sergey and Jordan, Michael and Abbeel, Pieter},
  journal={arXiv preprint arXiv:1506.02438},
  year={2015}
}

@book{TD,
  title={Introduction to reinforcement learning},
  author={Sutton, Richard S and Barto, Andrew G},
  volume={135},
  year={1998},
  publisher={MIT Press Cambridge}
}

@article{gym,
  title={OpenAI gym},
  author={Brockman, Greg and Cheung, Vicki and Pettersson, Ludwig and Schneider, Jonas and Schulman, John and Tang, Jie and Zaremba, Wojciech},
  journal={arXiv preprint arXiv:1606.01540},
  year={2016}
}

@inproceedings{mujoco,
  title={MuJoCo: A physics engine for model-based control},
  author={Todorov, Emanuel and Erez, Tom and Tassa, Yuval},
  booktitle={Intelligent Robots and Systems (IROS), 2012 IEEE/RSJ International Conference on},
  pages={5026--5033},
  year={2012},
  organization={IEEE}
}

@article{mamba,
  title={Online optimization of swimming and crawling in an amphibious snake robot},
  author={Crespi, Alessandro and Ijspeert, Auke Jan},
  journal={IEEE Transactions on Robotics},
  volume={24},
  number={1},
  pages={75--87},
  year={2008},
  publisher={IEEE}
}



@article{dqn,
  title={Playing atari with deep reinforcement learning},
  author={Mnih, Volodymyr and Kavukcuoglu, Koray and Silver, David and Graves, Alex and Antonoglou, Ioannis and Wierstra, Daan and Riedmiller, Martin},
  journal={arXiv preprint arXiv:1312.5602},
  year={2013}
}

@article{alphago,
  title={Mastering the game of Go with deep neural networks and tree search},
  author={Silver, David and Huang, Aja and Maddison, Chris J and Guez, Arthur and Sifre, Laurent and Van Den Driessche, George and Schrittwieser, Julian and Antonoglou, Ioannis and Panneershelvam, Veda and Lanctot, Marc and others},
  journal={Nature},
  volume={529},
  number={7587},
  pages={484--489},
  year={2016},
  publisher={Nature Research}
}

@inproceedings{alexnet,
  title={Imagenet classification with deep convolutional neural networks},
  author={Krizhevsky, Alex and Sutskever, Ilya and Hinton, Geoffrey E},
  booktitle={Advances in neural information processing systems},
  pages={1097--1105},
  year={2012}
}
@article{deepmindppo,
      title={Emergence of locomotion behaviours in rich environments},
        author={Heess, Nicolas and Sriram, Srinivasan and Lemmon, Jay and Merel, Josh and Wayne, Greg and Tassa, Yuval and Erez, Tom and Wang, Ziyu and Eslami, Ali and Riedmiller, Martin and others},
          journal={arXiv preprint arXiv:1707.02286},
            year={2017}
}


@article{linearRL,
  title={Towards Generalization and Simplicity in Continuous Control},
  author={Rajeswaran, Aravind and Lowrey, Kendall and Todorov, Emanuel and Kakade, Sham},
  journal={arXiv preprint arXiv:1703.02660},
  year={2017}
}

@article{transfer,
  title={Transfer learning for reinforcement learning domains: A survey},
  author={Taylor, Matthew E and Stone, Peter},
  journal={Journal of Machine Learning Research},
  volume={10},
  number={Jul},
  pages={1633--1685},
  year={2009}
}

@article{gupta2017learning,
  title={Learning invariant feature spaces to transfer skills with reinforcement learning},
  author={Gupta, Abhishek and Devin, Coline and Liu, YuXuan and Abbeel, Pieter and Levine, Sergey},
  journal={arXiv preprint arXiv:1703.02949},
  year={2017}
}

@article{rl2,
  title={RL 2: Fast Reinforcement Learning via Slow Reinforcement Learning},
  author={Duan, Yan and Schulman, John and Chen, Xi and Bartlett, Peter L and Sutskever, Ilya and Abbeel, Pieter},
  journal={arXiv preprint arXiv:1611.02779},
  year={2016}
}

@article{wulfmeier2017mutual,
  title={Mutual Alignment Transfer Learning},
  author={Wulfmeier, Markus and Posner, Ingmar and Abbeel, Pieter},
  journal={arXiv preprint arXiv:1707.07907},
  year={2017}
}

@inproceedings{kulkarni2016hierarchical,
  title={Hierarchical deep reinforcement learning: Integrating temporal abstraction and intrinsic motivation},
  author={Kulkarni, Tejas D and Narasimhan, Karthik and Saeedi, Ardavan and Tenenbaum, Josh},
  booktitle={Advances in Neural Information Processing Systems},
  pages={3675--3683},
  year={2016}
}

@article{vezhnevets2017feudal,
  title={Feudal networks for hierarchical reinforcement learning},
  author={Vezhnevets, Alexander Sasha and Osindero, Simon and Schaul, Tom and Heess, Nicolas and Jaderberg, Max and Silver, David and Kavukcuoglu, Koray},
  journal={arXiv preprint arXiv:1703.01161},
  year={2017}
}

@book{biewener2003animal,
  title={Animal locomotion},
  author={Biewener, Andrew A},
  year={2003},
  publisher={Oxford University Press}
}

@article{finn2017one,
  title={One-Shot Visual Imitation Learning via Meta-Learning},
  author={Finn, Chelsea and Yu, Tianhe and Zhang, Tianhao and Abbeel, Pieter and Levine, Sergey},
  journal={arXiv preprint arXiv:1709.04905},
  year={2017}
}

@article{finn2017model,
  title={Model-Agnostic Meta-Learning for Fast Adaptation of Deep Networks},
  author={Finn, Chelsea and Abbeel, Pieter and Levine, Sergey},
  journal={arXiv preprint arXiv:1703.03400},
  year={2017}
}

@inproceedings{thrun1995finding,
  title={Finding structure in reinforcement learning},
  author={Thrun, Sebastian and Schwartz, Anton},
  booktitle={Advances in neural information processing systems},
  pages={385--392},
  year={1995}
}

@article{hausknecht2015deep,
  title={Deep reinforcement learning in parameterized action space},
  author={Hausknecht, Matthew and Stone, Peter},
  journal={arXiv preprint arXiv:1511.04143},
  year={2015}
}

@inproceedings{pg,
  title={Policy gradient methods for reinforcement learning with function approximation},
  author={Sutton, Richard S and McAllester, David A and Singh, Satinder P and Mansour, Yishay},
  booktitle={Advances in neural information processing systems},
  pages={1057--1063},
  year={2000}
}

@article{shoeleh2017graph,
  title={Graph based skill acquisition and transfer Learning for continuous reinforcement learning domains},
  author={Shoeleh, Farzaneh and Asadpour, Masoud},
  journal={Pattern Recognition Letters},
  volume={87},
  pages={104--116},
  year={2017},
  publisher={Elsevier}
}

@article{mabu2007graph,
  title={A graph-based evolutionary algorithm: Genetic network programming (GNP) and its extension using reinforcement learning},
  author={Mabu, Shingo and Hirasawa, Kotaro and Hu, Jinglu},
  journal={Evolutionary Computation},
  volume={15},
  number={3},
  pages={369--398},
  year={2007},
  publisher={MIT Press}
}

@article{Levine:2016:ETD:2946645.2946684,
author = {Levine, Sergey and Finn, Chelsea and Darrell, Trevor and Abbeel, Pieter},
title = {End-to-end Training of Deep Visuomotor Policies},
journal = {J. Mach. Learn. Res.},
issue_date = {January 2016},
volume = {17},
number = {1},
month = jan,
year = {2016},
issn = {1532-4435},
pages = {1334--1373},
numpages = {40},
url = {http://dl.acm.org/citation.cfm?id=2946645.2946684},
acmid = {2946684},
publisher = {JMLR.org},
keywords = {neural networks, optimal control, reinforcement learning, vision},
}



@article{christiano2016transfer,
  title={Transfer from Simulation to Real World through Learning Deep Inverse Dynamics Model},
  author={Christiano, Paul and Shah, Zain and Mordatch, Igor and Schneider, Jonas and Blackwell, Trevor and Tobin, Joshua and Abbeel, Pieter and Zaremba, Wojciech},
  journal={arXiv preprint arXiv:1610.03518},
  year={2016}
}

@article{tobin2017domain,
  title={Domain Randomization for Transferring Deep Neural Networks from Simulation to the Real World},
  author={Tobin, Josh and Fong, Rachel and Ray, Alex and Schneider, Jonas and Zaremba, Wojciech and Abbeel, Pieter},
  journal={arXiv preprint arXiv:1703.06907},
  year={2017}
}


@article{peng2017sim,
  title={Sim-to-Real Transfer of Robotic Control with Dynamics Randomization},
  author={Peng, Xue Bin and Andrychowicz, Marcin and Zaremba, Wojciech and Abbeel, Pieter},
  journal={arXiv preprint arXiv:1710.06537},
  year={2017}
}


@inproceedings{gu17,
  title={Deep Reinforcement Learning for Robotic Manipulation with Asynchronous Off-Policy Updates},
  author={Shixiang Gu and Ethan Holly and Timothy Lillicrap and Sergey Levine},
  booktitle={ICRA},
  year={2017}
}
@inproceedings{teh2017,
    title={Distral: Robust multitask reinforcement learning},
    author={Teh, Yee and Bapst, Victor and Pascanu, Razvan and Heess, Nicolas and Quan, John and Kirkpatrick, James and Czarnecki, Wojciech M and Hadsell, Raia},
    booktitle={Advances in Neural Information Processing Systems},
    pages={4497--4507},
    year={2017}
}
@article{andreas2016,
    title={Modular multitask reinforcement learning with policy sketches},
    author={Andreas, Jacob and Klein, Dan and Levine, Sergey},
    journal={arXiv preprint arXiv:1611.01796},
    year={2016}
}
@article{oh2017,
    title={Zero-shot task generalization with multi-task deep reinforcement learning},
    author={Oh, Junhyuk and Singh, Satinder and Lee, Honglak and Kohli, Pushmeet},
    journal={arXiv preprint arXiv:1706.05064},
    year={2017}
}

@inproceedings{yang2017,
    title={Multi-task deep reinforcement learning for continuous action control},
    author={Yang, Zhaoyang and Merrick, Kathryn and Abbass, Hussein and Jin, Lianwen},
    booktitle={Proceedings of the Twenty-Sixth International Joint Conference on Artificial Intelligence, IJCAI-17},
    pages={3301--3307},
    year={2017}
}

@inproceedings{wilson2007multi,
    title={Multi-task reinforcement learning: a hierarchical Bayesian approach},
    author={Wilson, Aaron and Fern, Alan and Ray, Soumya and Tadepalli, Prasad},
    booktitle={Proceedings of the 24th international conference on Machine learning},
    pages={1015--1022},
    year={2007},
    organization={ACM}
}

@inproceedings{ammar2014,
      title={Online multi-task learning for policy gradient methods},
        author={Ammar, Haitham B and Eaton, Eric and Ruvolo, Paul and Taylor, Matthew},
          booktitle={Proceedings of the 31st International Conference on Machine Learning (ICML-14)},
            pages={1206--1214},
              year={2014}
}

@article{2015actor,
      title={Actor-mimic: Deep multitask and transfer reinforcement learning},
        author={Parisotto, Emilio and Ba, Jimmy Lei and Salakhutdinov, Ruslan},
          journal={arXiv preprint arXiv:1511.06342},
            year={2015}
}

@inproceedings{2014sparse,
      title={Sparse multi-task reinforcement learning},
        author={Calandriello, Daniele and Lazaric, Alessandro and Restelli, Marcello},
          booktitle={Advances in Neural Information Processing Systems},
            pages={819--827},
              year={2014}
}

@inproceedings{2017successor,
      title={Successor features for transfer in reinforcement learning},
        author={Barreto, Andr{\'e} and Dabney, Will and Munos, R{\'e}mi and Hunt, Jonathan J and Schaul, Tom and Silver, David and van Hasselt, Hado P},
          booktitle={Advances in Neural Information Processing Systems},
            pages={4056--4066},
              year={2017}
}

@article{gilmer2017neural,
    title={Neural message passing for quantum chemistry},
    author={Gilmer, Justin and Schoenholz, Samuel S and Riley, Patrick F and Vinyals, Oriol and Dahl, George E},
    journal={arXiv preprint arXiv:1704.01212},
    year={2017}
}

@article{metz2017discrete,
  title={Discrete Sequential Prediction of Continuous Actions for Deep RL},
  author={Metz, Luke and Ibarz, Julian and Jaitly, Navdeep and Davidson, James},
  journal={arXiv preprint arXiv:1705.05035},
  year={2017}
}

@article{coros2010,
  title={Generalized biped walking control},
  author={Coros, Stelian and Beaudoin, Philippe and Van de Panne, Michiel},
  journal={ACM Transactions on Graphics (TOG)},
  volume={29},
  number={4},
  pages={130},
  year={2010},
  publisher={ACM}
}

@article{2017towards,
  title={Towards Generalization and Simplicity in Continuous Control},
  author={Rajeswaran, Aravind and Lowrey, Kendall and Todorov, Emanuel and Kakade, Sham},
  journal={arXiv preprint arXiv:1703.02660},
  year={2017}
}
@book{robot_control,
      title={Robot modeling and control},
        author={Spong, Mark W and Hutchinson, Seth and Vidyasagar, Mathukumalli and others},
          volume={3},
            year={2006},
              publisher={Wiley New York}
}








@article{foerster2017learning,
  title={Learning with Opponent-Learning Awareness},
  author={Foerster, Jakob N and Chen, Richard Y and Al-Shedivat, Maruan and Whiteson, Shimon and Abbeel, Pieter and Mordatch, Igor},
  journal={arXiv preprint arXiv:1709.04326},
  year={2017}
}

@article{lerer2017maintaining,
  title={Maintaining cooperation in complex social dilemmas using deep reinforcement learning},
  author={Lerer, Adam and Peysakhovich, Alexander},
  journal={arXiv preprint arXiv:1707.01068},
  year={2017}
}


@inproceedings{leibo2017multi,
  title={Multi-agent reinforcement learning in sequential social dilemmas},
  author={Leibo, Joel Z and Zambaldi, Vinicius and Lanctot, Marc and Marecki, Janusz and Graepel, Thore},
  booktitle={Proceedings of the 16th Conference on Autonomous Agents and MultiAgent Systems},
  pages={464--473},
  year={2017},
  organization={International Foundation for Autonomous Agents and Multiagent Systems}
}

@article{tuyls2018symmetric,
  title={Symmetric Decomposition of Asymmetric Games},
  author={Tuyls, Karl and Perolat, Julien and Lanctot, Marc and Ostrovski, Georg and Savani, Rahul and Leibo, Joel Z and Ord, Toby and Graepel, Thore and Legg, Shane},
  journal={Scientific reports},
  volume={8},
  number={1},
  pages={1015},
  year={2018},
  publisher={Nature Publishing Group}
}

@inproceedings{ng1999policy,
  title={Policy invariance under reward transformations: Theory and application to reward shaping},
  author={Ng, Andrew Y and Harada, Daishi and Russell, Stuart},
  booktitle={ICML},
  volume={99},
  pages={278--287},
  year={1999}
}

@article{al2017continuous,
  title={Continuous adaptation via meta-learning in nonstationary and competitive environments},
  author={Al-Shedivat, Maruan and Bansal, Trapit and Burda, Yuri and Sutskever, Ilya and Mordatch, Igor and Abbeel, Pieter},
  journal={arXiv preprint arXiv:1710.03641},
  year={2017}
}

@article{alon2010strategyproof,
  title={Strategyproof approximation of the minimax on networks},
  author={Alon, Noga and Feldman, Michal and Procaccia, Ariel D and Tennenholtz, Moshe},
  journal={Mathematics of Operations Research},
  volume={35},
  number={3},
  pages={513--526},
  year={2010},
  publisher={INFORMS}
}
@inproceedings{procaccia2009approximate,
  title={Approximate mechanism design without money},
  author={Procaccia, Ariel D and Tennenholtz, Moshe},
  booktitle={Proceedings of the 10th ACM conference on Electronic commerce},
  pages={177--186},
  year={2009},
  organization={ACM}
}
@inproceedings{sukhbaatar2016learning,
  title={Learning multiagent communication with backpropagation},
  author={Sukhbaatar, Sainbayar and Fergus, Rob and others},
  booktitle={Advances in Neural Information Processing Systems},
  pages={2244--2252},
  year={2016}
}

@book{tullock1974social,
  title={The social dilemma: The economics of war and revolution},
  author={Tullock, Gordon},
  year={1974},
  publisher={University publications}
}

@inproceedings{bouzy2010multi,
  title={Multi-agent learning experiments on repeated matrix games},
  author={Bouzy, Bruno and M{\'e}tivier, Marc},
  booktitle={Proceedings of the 27th International Conference on Machine Learning (ICML-10)},
  pages={119--126},
  year={2010}
}

@article{maskin1999nash,
  title={Nash equilibrium and welfare optimality},
  author={Maskin, Eric},
  journal={The Review of Economic Studies},
  volume={66},
  number={1},
  pages={23--38},
  year={1999},
  publisher={Wiley-Blackwell}
}

@book{gibbons1992primer,
  title={A primer in game theory},
  author={Gibbons, Robert},
  year={1992},
  publisher={Harvester Wheatsheaf}
}

@article{vives1990nash,
  title={Nash equilibrium with strategic complementarities},
  author={Vives, Xavier},
  journal={Journal of Mathematical Economics},
  volume={19},
  number={3},
  pages={305--321},
  year={1990},
  publisher={Elsevier}
}

@article{nowak1993strategy,
  title={A strategy of win-stay, lose-shift that outperforms tit-for-tat in the Prisoner's Dilemma game},
  author={Nowak, Martin and Sigmund, Karl},
  journal={Nature},
  volume={364},
  number={6432},
  pages={56},
  year={1993},
  publisher={Nature Publishing Group}
}

@inproceedings{sutton2000,
  title={Policy gradient methods for reinforcement learning with function approximation},
  author={Sutton, Richard S and McAllester, David A and Singh, Satinder P and Mansour, Yishay},
  booktitle={Advances in neural information processing systems},
  pages={1057--1063},
  year={2000}
}

@article{macy2002learning,
  title={Learning dynamics in social dilemmas},
  author={Macy, Michael W and Flache, Andreas},
  journal={Proceedings of the National Academy of Sciences},
  volume={99},
  number={suppl 3},
  pages={7229--7236},
  year={2002},
  publisher={National Acad Sciences}
}


@article{ni2014mutually,
  title={A mutually assured destruction mechanism attenuates light signaling in Arabidopsis},
  author={Ni, Weimin and Xu, Shou-Ling and Tepperman, James M and Stanley, David J and Maltby, Dave A and Gross, John D and Burlingame, Alma L and Wang, Zhi-Yong and Quail, Peter H},
  journal={Science},
  volume={344},
  number={6188},
  pages={1160--1164},
  year={2014},
  publisher={American Association for the Advancement of Science}
}

@inproceedings{precup2001off,
  title={Off-policy temporal-difference learning with function approximation},
  author={Precup, Doina and Sutton, Richard S and Dasgupta, Sanjoy},
  booktitle={ICML},
  pages={417--424},
  year={2001}
}
@inproceedings{goodfellow2014generative,
  title={Generative adversarial nets},
  author={Goodfellow, Ian and Pouget-Abadie, Jean and Mirza, Mehdi and Xu, Bing and Warde-Farley, David and Ozair, Sherjil and Courville, Aaron and Bengio, Yoshua},
  booktitle={Advances in neural information processing systems},
  pages={2672--2680},
  year={2014}
}
